@STRING{IMK = {Institut f{\"u}r Meteorologie und Klimaforschung, Universit{\"a}t Karlsruhe~/ Forschungszentrum Karlsruhe }}
@STRING{JAM = {J.~Appl. Meteor. }}
@STRING{JM = {J.~Meteor. }}
@STRING{JAMC = {J.~Appl. Meteor. Clim. }}
@STRING{JCLIM = {J.~Clim. Appl. Meteor. }}
@STRING{JCLI = {J.~Clim. }}
@STRING{JAS = {J.~Atmos. Sci. }}
@STRING{JTECH = {J.~Atmos. Ocean. Tech. }}
@STRING{JRECH = {J.~Rech. Atmos. }}
@STRING{MZ = {Meteor. Zeitschr. }}
@STRING{JM = {J.~Meteor. }}
@STRING{RGS = {Rev.~Geophys. Space Phys. }}
@STRING{RS = {Radio~Sci. }}
@STRING{QJRMS = {Quart. J.~Roy. Met. Soc. }}
@STRING{JMSJ = {J.~Meteor. Soc. Japan }}
@STRING{BEITR = {Beitr.~Phys. Atmos. }}
@STRING{AR = {Atmos. Res. }}
@STRING{MRS = {Meteorol.~Rdsch. }}
@STRING{JGR = {J.~Geophys.~Res. }}
@STRING{JGRA = {J.~Geophys.~Res. (A) }}
@STRING{JGRB = {J.~Geophys.~Res. (B) }}
@STRING{JGRAT = {J.~Geophys.~Res.~-- Atmos. }}
@STRING{REM = {Int.~J. Remote Sensing }}
@STRING{AMS = {American Meteorological Society }}
@STRING{ZAMP = {Z.~Angew. Math. Phys. }}
@STRING{BAMS = {Bull. Amer. Meteor. Soc. }}
@STRING{MWR = {Mon. Wea. Rev. }}
@STRING{PCEB = {Phys. Chem. Earth~(B) }}
@STRING{GRL = {Geophys. Res. Lett. }}
@STRING{ERL = {Environm. Res. Lett. }}
@STRING{CONTRIB = {Contrib. Atmos. Phys. }}
@STRING{MAP = {Meteorol. Atmos. Phys. }}
@STRING{WFC = {Weather Forecast. }}
@STRING{TAC = {Theor. Appl. Climatol. }}
@STRING{ACP = {Atmos. Chem. Phys. }}
@STRING{WRR = {Water Resour. Res. }}
@STRING{ACPD = {Atmos. Chem. Phys. Discuss. }}
@STRING{ACP = {Atmos. Chem. Phys. }}
@STRING{GMD = {Geosci. Model Dev. }}
@STRING{GMDD = {Geosci. Model Dev. Discuss. }}


@Article{blahak2008b,
  author = 	 {U. Blahak},
  title = 	 {An Approximation to the Effective Beam Weighting Function for Scanning Meteorological Radars with Axisymmetric Antenna Pattern},
  journal = 	 JTECH,
  year = 	 2008,
  volume = 	 25,
  pages = 	 {1182--1196}
}

@TechReport{blahak2016a,
  author = 	 {Ulrich Blahak},
  title = 	 {{RADAR\_MIE\_LM} and {RADAR\_MIELIB} --- Calculation of Radar Reflectivity from Model Output},
  institution =  {Consortium for Small Scale Modeling (COSMO)},
  number =       28,
  year = 	 {2016},
  url =          {http://www.cosmo-model.org/content/model/documentation/techReports/cosmo/docs/techReport28.pdf},
  doi =          {10.5676/DWD\_pub/nwv/cosmo-tr\_28}
}

@Article{zeng2014,
  author = 	 {Yuefei Zeng and Ulrich Blahak and Malte Neuper and Dorit Epperlein},
  title = 	 {Radar Beam Tracing Methods Based on Atmospheric Refractive Index},
  journal = 	 JTECH,
  year = 	 2014,
  volume = 	 31,
  pages = 	 {2650--2670},
  doi =          {http://dx.doi.org/10.1175/JTECH-D-13-00152.1}
}

@PhdThesis{zeng2013,
  author = 	 {Y. Zeng},
  title = 	 {Efficient Radar Forward Operator for Operational Data Assimilation within the {COSMO}-model},
  school = 	 {IMK-TRO, Department of Physics, Karlsruhe Institute of Technology},
  year = 	 2013,
  type =	 {Dissertation},
  url  =         {http://digbib.ubka.uni-karlsruhe.de/volltexte/1000036921},
  doi  =         {http://dx.doi.org/10.5445/KSP/1000036921}
}

@PhdThesis{jerger2014,
  author = 	 {D. Jerger},
  title = 	 {Radar Forward Operator for Verification of Cloud Resolving Simulations within the {COSMO}-Model},
  school = 	 {IMK-TRO, Department of Physics, Karlsruhe Institute of Technology},
  year = 	 2014,
  type =	 {Dissertation},
  url  =         {http://digbib.ubka.uni-karlsruhe.de/volltexte/1000038411},
  doi  =         {http://dx.doi.org/10.5445/KSP/1000038411}
}

@Article{zeng2016a,
  author = 	 {Y. Zeng and U. Blahak and D. Jerger},
  title = 	 {An efficient modular volume-scanning radar forward operator for {NWP} models: description and coupling to the {COSMO} model},
  journal = 	 QJRMS,
  year = 	 2016,
  volume = 	 142,
  pages = 	 {3234--3256},
  DOI       =    {10.1002/qj.2904},
  URL       =    {http://onlinelibrary.wiley.com/doi/10.1002/qj.2904/abstract}
}

@Article{bick2016,
  author = 	 {Theresa Bick and Clemens Simmer and Silke Tr\"omel and Kathrin Wapler and Klaus Stephan and Ulrich Blahak and Roland Potthast},
  title = 	 {Assimilation of 3D-Radar Reflectivities with an Ensemble Kalman Filter on the Convective Scale},
  journal = 	 QJRMS,
  year = 	 2016,
  volume = 	 142,
  pages = 	 {1490-â€“1504},
  DOI       =    {10.1002/qj.2751},
  URL       =    {http://onlinelibrary.wiley.com/doi/10.1002/qj.2751/abstract}
}

@Manual{emvoradodoc2019,
  author = 	 {Ulrich Blahak and Alberto de Lozar},
  title = 	 {{EMVORADO} --- {E}fficient {M}odular {VO}lume scan {RAD}ar {O}perator. {A} User's Guide},
  organization =  {Deutscher Wetterdienst},
  year = 	 {2019},
  url =          {???}
}

@Manual{blahak2015b,
  title = 	 {Simulating Idealized Cases with the {COSMO} model},
  author =	 {U. Blahak},
  year = 2015,
  organization = {Consortium for Smallscale Modeling (COSMO)},
  url =	 {http://www.cosmo-model.org/content/model/documentation/core/artif\_docu.pdf},
  pages ={48~pp.}
}

@Article{weisman1982,
  author = 	 {M. L. Weisman and J. B. Klemp},
  title = 	 {The Dependence of Numerically Simulated Convective Storms on Vertical Wind Shear and Buoyancy},
  journal = 	 MWR,
  year = 	 1982,
  volume =	 110,
  pages =	 {504--520}
}


@Manual{rhodin2012,
  title = 	 {Feedback File Definition},
  author =	 {A. Rhodin},
  year = 2012,
  organization = {Consortium for Smallscale Modeling (COSMO)},
  url =	 {http://www.cosmo-model.org/content/model/documentation/core/CosmoFeedbackFileDefinition.pdf},
  pages ={47~pp.}
}

@Manual{schaettler2018,
  title = 	 {A Description of the Nonhydrostatic Regional COSMO-Model. {P}art~{VII}: User's Guide},
  author =	 {U. Sch{\"a}ttler and G. Doms and C. Schraff},
  year = 2019,
  organization = {Consortium for Smallscale Modeling (COSMO)},
  url =	 {http://www.cosmo-model.org/content/model/documentation/core/cosmo_userguide_5.05.pdf},
  pages = {181~pp.}
}


@Article{cressman1959,
  author = 	 {G. P. Cressman},
  title = 	 {An Operational Objective Analysis System},
  journal = 	 MWR,
  year = 	 1959,
  volume =	 87,
  pages =	 {367--374}
}

@article{ryzhkov2011,
  author  = {A. Ryzhkov and M. Pinsky and A. Pokrovsky and A. Khain},
  title   = {{Polarimetric Radar Observation Operator for a Cloud Model with Spectral Microphysics}},
  journal = JAMC,
  volume  = {50},
  number  = {4},
  pages   = {873--894},
  year    = {2011},
  doi     = {10.1175/2010JAMC2363.1},
}

@Article{ryzhkov2001,
  author = 	 {A. Ryzhkov},
  title = 	 {Interpretation of Polarimetric Radar Covariance Matrix for Meteorological Scatterers: Theoretical Analysis},
  journal = 	 JTECH,
  year = 	 2001,
  volume = 	 18,
  pages = 	 {315--328},
  doi     = {10.1175/1520-0426(2001)018}
}

@Manual{icontutorial2020,
  title = 	 {Working with the ICON model},
  author = 	 {F. Prill and D. Reintert and D. Rieger and G. Z{\"a}ngl},
  organization = {Deutscher Wetterdienst},
  address = 	 {Offenbach, Germany},
  year = 	 2020,
  url = 	 {https://www.dwd.de/EN/ourservices/nwv_icon_tutorial/nwv_icon_tutorial_en.html}
}

@article{xie16BPROjournal,
  author  = {Xinxin Xie and Raquel Evaristo and Silke Tr{\"o}mel and Pablo Saavedra and Clemens Simmer and Alexander Ryzhkov},
  title   = {{Radar Observation of Evaporation and Implications for Quantitative Precipitation and Cooling Rate Estimation}},
  journal = JTECH,
  volume  = {33},
  number  = {8},
  pages   = {1779--1792},
  year    = {2016},
  doi     = {10.1175/JTECH-D-15-0244.1},
}

software{xie21BPROcode,
@misc{xie21BPROcode,
  author  = {Xie, Xinxin and Shrestha, Prabhakar and Mendrok, Jana and Carlin, Jacob and Tr{\"o}mel, Silke and Blahak, Ulrich},
  title   = {{Bonn Polarimetric Radar forward Operator (B-PRO)}},
  url     = {https://git2.meteo.uni-bonn.de/projects/pfo/},
  version = {},
  year    = {2021},
  date    = {},
  doi     = {10.5880/TR32DB.41},
}

@article{troemel21overview,
  title   = {Overview: Fusion of radar polarimetry and numerical atmospheric modelling towards an improved understanding of cloud and precipitation processes},
  author  = {Tr{\"o}mel, S. and Simmer, C. and Blahak, U. and Blanke, A. and Doktorowski, S. and Ewald, F. and Frech, M. and Gergely, M. and Hagen, M. and Janjic, T. and Kalesse-Los, H. and Kneifel, S. and Knote, C. and Mendrok, J. and Moser, M. and K{\"o}cher, G. and M{\"u}hlbauer, K. and Myagkov, A. and Pejcic, V. and Seifert, P. and Shrestha, P. and Teisseire, A. and von Terzi, L. and Tetoni, E. and Vogl, T. and Voigt, C. and Zeng, Y. and Zinner, T. and Quaas, J.},
  journal = ACP,
  volume  = {21},
  number  = {23},
  pages   = {17291--17314},
  year    = {2021},
  doi     = {10.5194/acp-21-17291-2021}
}

@article{brandes02,
  author  = {Brandes, Edward A. and Zhang, Guifu and Vivekanandan, J.},
  title   = {{Experiments in Rainfall Estimation with a Polarimetric Radar in a Subtropical Environment}},
  journal = JAM,
  volume  = {41},
  number  = {6},
  pages   = {674--685},
  year    = {2002},
  doi     = {10.1175/1520-0450(2002)041<0674:EIREWA>2.0.CO;2},
}

@article{andric13,
  title   = {Polarimetric signatures above the melting layer in winter storms: An observational and modeling study},
  author  = {Andri{\'c}, Jelena and Kumjian, Matthew R and Zrni{\'c}, Du{\v{s}}an S and Straka, Jerry M and Melnikov, Valery M},
  journal = JAMC,
  volume  = {52},
  number  = {3},
  pages   = {682--700},
  year    = {2013},
  doi     = {10.1175/JAMC-D-12-028.1},
}

@article{matrosov96,
  title   = {Estimation of Ice Hydrometeor Types and Shapes from Radar Polarization Measurements},
  author  = {Matrosov, Sergey Y. and Reinking, Roger F. and Kropfli, Robert A. and Bartram, Bruce W.},
  journal = JTECH,
  volume  = {13},
  number  = {1},
  pages   = {85--96},
  year    = {1996},
  doi     = {10.1175/1520-0426(1996)013<0085:EOIHTA>2.0.CO;2},
}

